<record><leader>00000cas a22000007a 4500</leader><controlfield tag="001">26282319</controlfield><controlfield tag="008">920729c19809999vauwr ne      0   a0eng c</controlfield><datafield ind1=" " ind2=" " tag="010"><subfield code="a">sn 92004438 </subfield></datafield><datafield ind1=" " ind2=" " tag="040"><subfield code="a">NSD</subfield><subfield code="b">eng</subfield><subfield code="c">NSD</subfield><subfield code="d">NVK</subfield><subfield code="d">OCLCQ</subfield><subfield code="d">OCLCF</subfield><subfield code="d">OCLCO</subfield></datafield><datafield ind1=" " ind2=" " tag="012"><subfield code="l">1</subfield></datafield><datafield ind1="1" ind2=" " tag="022"><subfield code="a">1064-4172</subfield><subfield code="l">1064-4172</subfield><subfield code="2">1</subfield></datafield><datafield ind1="1" ind2=" " tag="029"><subfield code="a">AU@</subfield><subfield code="b">000020694675</subfield></datafield><datafield ind1=" " ind2=" " tag="037"><subfield code="b">The Declaration, P.O. Box 70, Independence, VA 24348</subfield></datafield><datafield ind1=" " ind2=" " tag="042"><subfield code="a">nsdp</subfield><subfield code="a">pcc</subfield></datafield><datafield ind1=" " ind2=" " tag="043"><subfield code="a">n-us-va</subfield></datafield><datafield ind1="0" ind2=" " tag="130"><subfield code="a">Declaration (Independence, Va.)</subfield></datafield><datafield ind1=" " ind2="4" tag="222"><subfield code="a">The Declaration</subfield><subfield code="b">(Independence, Va.)</subfield></datafield><datafield ind1="1" ind2="4" tag="245"><subfield code="a">The Declaration.</subfield></datafield><datafield ind1=" " ind2=" " tag="260"><subfield code="a">Independence, Va. :</subfield><subfield code="b">North Newspapers, Inc.</subfield></datafield><datafield ind1=" " ind2=" " tag="300"><subfield code="a">v.</subfield></datafield><datafield ind1=" " ind2=" " tag="310"><subfield code="a">Weekly</subfield></datafield><datafield ind1="1" ind2=" " tag="362"><subfield code="a">Began with: Aug. 7, 1980.</subfield></datafield><datafield ind1=" " ind2=" " tag="588"><subfield code="a">Description based on: June 24, 1992.</subfield></datafield><datafield ind1=" " ind2="0" tag="651"><subfield code="a">Independence (Va.)</subfield><subfield code="v">Newspapers.</subfield></datafield><datafield ind1=" " ind2="7" tag="655"><subfield code="a">Newspapers.</subfield><subfield code="2">fast</subfield><subfield code="0">(OCoLC)fst01423814</subfield></datafield><datafield ind1=" " ind2="7" tag="651"><subfield code="a">Virginia</subfield><subfield code="z">Independence.</subfield><subfield code="2">fast</subfield><subfield code="0">(OCoLC)fst01283787</subfield></datafield><datafield ind1=" " ind2=" " tag="752"><subfield code="a">United States</subfield><subfield code="b">Virginia</subfield><subfield code="c">Grayson</subfield><subfield code="d">Independence.</subfield></datafield></record>